<?xml version="1.0" encoding="UTF-8"?>
<SOAP-ENV:Envelope xmlns:SOAP-ENV="http://schemas.xmlsoap.org/soap/envelope/" xmlns:mx="http://www.loc.gov/MARC21/slim" xmlns:of="http://oss.dbc.dk/ns/openformat"><SOAP-ENV:Body><of:formatResponse><marc21><mx:record format="MARC21" type="Bibliographic"><mx:leader>00000cjm a22000000c 4500</mx:leader><mx:controlfield tag="007">sd|f||g|||m|ed</mx:controlfield><mx:controlfield tag="008">000212s1999    fr ||||          | |und|d</mx:controlfield><mx:datafield ind1="8" ind2=" " tag="024"><mx:subfield code="a">0639842612920</mx:subfield></mx:datafield><mx:datafield ind1="0" ind2="0" tag="028"><mx:subfield code="a">3984-26129-2</mx:subfield><mx:subfield code="b">Erato</mx:subfield></mx:datafield><mx:datafield ind1="1" ind2=" " tag="029"><mx:subfield code="a">DKDLA</mx:subfield><mx:subfield code="b">870970-basis:42159530</mx:subfield></mx:datafield><mx:datafield ind1=" " ind2=" " tag="040"><mx:subfield code="a">DKDLA</mx:subfield><mx:subfield code="b">dan</mx:subfield><mx:subfield code="c">DKDLA</mx:subfield></mx:datafield><mx:datafield ind1=" " ind2=" " tag="049"><mx:subfield code="a">DK-190101</mx:subfield></mx:datafield><mx:datafield ind1=" " ind2=" " tag="084"><mx:subfield code="a">78.411</mx:subfield><mx:subfield code="2">z</mx:subfield></mx:datafield><mx:datafield ind1=" " ind2=" " tag="084"><mx:subfield code="a">78.89</mx:subfield><mx:subfield code="2">z</mx:subfield></mx:datafield><mx:datafield ind1="1" ind2=" " tag="100"><mx:subfield code="a">Rameau, Jean-Philippe</mx:subfield></mx:datafield><mx:datafield ind1="1" ind2="4" tag="240"><mx:subfield code="a">Les fêtes d'Hébé.</mx:subfield><mx:subfield code="p">Ouverture.</mx:subfield><mx:subfield code="p">Balletmusik</mx:subfield></mx:datafield><mx:datafield ind1="1" ind2="0" tag="245"><mx:subfield code="a">Musique de ballet 1979-1999</mx:subfield><mx:subfield code="h">[lydoptagelse] :</mx:subfield><mx:subfield code="b">20ème anniversaire Les Arts Florissants /</mx:subfield><mx:subfield code="c">Les Arts Florissants ; dirigent: William Christie</mx:subfield></mx:datafield><mx:datafield ind1=" " ind2=" " tag="260"><mx:subfield code="a">Paris :</mx:subfield><mx:subfield code="b">Erato,</mx:subfield><mx:subfield code="c">p 1999</mx:subfield></mx:datafield><mx:datafield ind1=" " ind2=" " tag="300"><mx:subfield code="a">1 cd :</mx:subfield><mx:subfield code="b">digitaloptagelse</mx:subfield></mx:datafield><mx:datafield ind1=" " ind2=" " tag="500"><mx:subfield code="a">Indspillet i Paris 1994-1997</mx:subfield></mx:datafield><mx:datafield ind1=" " ind2=" " tag="500"><mx:subfield code="a">Plademærke: Erato. Forlagsnummer: 3984-26129-2</mx:subfield></mx:datafield><mx:datafield ind1="8" ind2=" " tag="505"><mx:subfield code="a">Indhold: Rameau, Jean-Philippe: Les fêtes d'Hébé Ouverture ; Balletmusik ; Hippolyte og Aricie Ouverture ; Balletmusik -- Charpentier, Marc-Antoine: La descente d'Orphée aux enfers Ouverture ; Entrée des nymphes ; Les fantômes ; Les plaisirs de Versailles Ouverture ; Médée Ouverture ; Balletmusik</mx:subfield></mx:datafield><mx:datafield ind1=" " ind2="4" tag="655"><mx:subfield code="a">barok</mx:subfield><mx:subfield code="y">1730-1739</mx:subfield><mx:subfield code="z">Frankrig</mx:subfield></mx:datafield><mx:datafield ind1=" " ind2="4" tag="655"><mx:subfield code="a">balletmusik</mx:subfield><mx:subfield code="y">1730-1739</mx:subfield><mx:subfield code="z">Frankrig</mx:subfield></mx:datafield><mx:datafield ind1=" " ind2="4" tag="655"><mx:subfield code="a">operaballet</mx:subfield><mx:subfield code="y">1730-1739</mx:subfield><mx:subfield code="z">Frankrig</mx:subfield></mx:datafield><mx:datafield ind1=" " ind2="4" tag="655"><mx:subfield code="a">ouverture</mx:subfield><mx:subfield code="y">1730-1739</mx:subfield><mx:subfield code="z">Frankrig</mx:subfield></mx:datafield><mx:datafield ind1=" " ind2="4" tag="655"><mx:subfield code="a">operaouverture</mx:subfield><mx:subfield code="y">1730-1739</mx:subfield><mx:subfield code="z">Frankrig</mx:subfield></mx:datafield><mx:datafield ind1=" " ind2="4" tag="655"><mx:subfield code="a">instrumental</mx:subfield><mx:subfield code="y">1730-1739</mx:subfield><mx:subfield code="z">Frankrig</mx:subfield></mx:datafield><mx:datafield ind1=" " ind2="4" tag="655"><mx:subfield code="a">orkester</mx:subfield><mx:subfield code="y">1730-1739</mx:subfield><mx:subfield code="z">Frankrig</mx:subfield></mx:datafield><mx:datafield ind1=" " ind2="4" tag="655"><mx:subfield code="a">barok</mx:subfield><mx:subfield code="y">1680-1689</mx:subfield><mx:subfield code="y">1690-1699</mx:subfield><mx:subfield code="z">Frankrig</mx:subfield></mx:datafield><mx:datafield ind1=" " ind2="4" tag="655"><mx:subfield code="a">balletmusik</mx:subfield><mx:subfield code="y">1680-1689</mx:subfield><mx:subfield code="y">1690-1699</mx:subfield><mx:subfield code="z">Frankrig</mx:subfield></mx:datafield><mx:datafield ind1=" " ind2="4" tag="655"><mx:subfield code="a">ouverture</mx:subfield><mx:subfield code="y">1680-1689</mx:subfield><mx:subfield code="y">1690-1699</mx:subfield><mx:subfield code="z">Frankrig</mx:subfield></mx:datafield><mx:datafield ind1=" " ind2="4" tag="655"><mx:subfield code="a">operaouverture</mx:subfield><mx:subfield code="y">1680-1689</mx:subfield><mx:subfield code="y">1690-1699</mx:subfield><mx:subfield code="z">Frankrig</mx:subfield></mx:datafield><mx:datafield ind1=" " ind2="4" tag="655"><mx:subfield code="a">instrumental</mx:subfield><mx:subfield code="y">1680-1689</mx:subfield><mx:subfield code="y">1690-1699</mx:subfield><mx:subfield code="z">Frankrig</mx:subfield></mx:datafield><mx:datafield ind1=" " ind2="4" tag="655"><mx:subfield code="a">orkester</mx:subfield><mx:subfield code="y">1680-1689</mx:subfield><mx:subfield code="y">1690-1699</mx:subfield><mx:subfield code="z">Frankrig</mx:subfield></mx:datafield><mx:datafield ind1="1" ind2=" " tag="700"><mx:subfield code="a">Christie, William</mx:subfield></mx:datafield><mx:datafield ind1="1" ind2="2" tag="700"><mx:subfield code="a">Rameau, Jean-Philippe</mx:subfield><mx:subfield code="t">Les fêtes d'Hébé Ouverture ; Balletmusik</mx:subfield></mx:datafield><mx:datafield ind1="1" ind2="2" tag="700"><mx:subfield code="a">Rameau, Jean-Philippe</mx:subfield><mx:subfield code="t">Hippolyte og Aricie Ouverture ; Balletmusik</mx:subfield></mx:datafield><mx:datafield ind1="1" ind2="2" tag="700"><mx:subfield code="a">Charpentier, Marc-Antoine</mx:subfield><mx:subfield code="t">La descente d'Orphée aux enfers Ouverture ; Entrée des nymphes ; Les fantômes</mx:subfield></mx:datafield><mx:datafield ind1="1" ind2="2" tag="700"><mx:subfield code="a">Charpentier, Marc-Antoine</mx:subfield><mx:subfield code="t">Les plaisirs de Versailles Ouverture</mx:subfield></mx:datafield><mx:datafield ind1="1" ind2="2" tag="700"><mx:subfield code="a">Charpentier, Marc-Antoine</mx:subfield><mx:subfield code="t">Médée Ouverture ; Balletmusik</mx:subfield></mx:datafield><mx:datafield ind1="2" ind2=" " tag="710"><mx:subfield code="a">Arts Florissants</mx:subfield></mx:datafield><mx:datafield ind1="0" ind2=" " tag="740"><mx:subfield code="a">Vingtième anniversaire Les Arts Florissants</mx:subfield></mx:datafield><mx:datafield ind1=" " ind2=" " tag="901"><mx:subfield code="a">784</mx:subfield></mx:datafield></mx:record><hs activity="insert">DKDLA</hs><hasLHR>false</hasLHR></marc21></of:formatResponse></SOAP-ENV:Body></SOAP-ENV:Envelope>
